%% Saved with string encoding Unicode (UTF-8) 

@misc{fehrman2015,
    title={The Five Factor Model of personality and evaluation of drug consumption risk},
    author={E. Fehrman and A. K. Muhammad and E. M. Mirkes and V. Egan and A. N. Gorban},
    year={2015},
    Url = {https://arxiv.org/pdf/1506.06297.pdf},
    eprint={1506.06297},
    archivePrefix={arXiv},
    primaryClass={stat.AP}
}
